<record><leader>00000cas a2200000 a 4500</leader><controlfield tag="001">54041824</controlfield><controlfield tag="008">040105c19uu9999nyuwr ne      0    0yid c</controlfield><datafield ind1=" " ind2=" " tag="010"><subfield code="a">  2005222454</subfield></datafield><datafield ind1=" " ind2=" " tag="040"><subfield code="a">NYP</subfield><subfield code="b">eng</subfield><subfield code="c">NYP</subfield><subfield code="d">OCLCQ</subfield><subfield code="d">CLU</subfield><subfield code="d">OCLCQ</subfield><subfield code="d">OCLCF</subfield><subfield code="d">OCLCO</subfield></datafield><datafield ind1="1" ind2=" " tag="029"><subfield code="a">AU@</subfield><subfield code="b">000026710424</subfield></datafield><datafield ind1=" " ind2=" " tag="042"><subfield code="a">pcc</subfield></datafield><datafield ind1="0" ind2="4" tag="245"><subfield code="a">Der Blat&#803; :</subfield><subfield code="b">tsayt&#803;shrift&#803; fun alv&#803;elt&#803;likhn Ort&#803;odok&#803;sishn Idnt&#803;um = Der Blatt.</subfield></datafield><datafield ind1="3" ind2="1" tag="246"><subfield code="a">Blatt</subfield></datafield><datafield ind1=" " ind2=" " tag="260"><subfield code="a">[Brooklyn, NY] :</subfield><subfield code="b">Der Blat&#803;</subfield></datafield><datafield ind1=" " ind2=" " tag="300"><subfield code="a">v. :</subfield><subfield code="b">ill. ;</subfield><subfield code="c">40 cm.</subfield></datafield><datafield ind1=" " ind2=" " tag="310"><subfield code="a">Weekly</subfield></datafield><datafield ind1=" " ind2=" " tag="546"><subfield code="a">In Yiddish.</subfield></datafield><datafield ind1=" " ind2=" " tag="588"><subfield code="a">Description based on: Vol. 3, no. 49 (Aug. 23, '02) = 149.</subfield></datafield><datafield ind1=" " ind2="0" tag="650"><subfield code="a">Orthodox Judaism</subfield><subfield code="v">Newspapers.</subfield></datafield><datafield ind1=" " ind2="7" tag="655"><subfield code="a">Newspapers.</subfield><subfield code="2">fast</subfield><subfield code="0">(OCoLC)fst01423814</subfield></datafield><datafield ind1=" " ind2="7" tag="650"><subfield code="a">Orthodox Judaism.</subfield><subfield code="2">fast</subfield><subfield code="0">(OCoLC)fst01048493</subfield></datafield><datafield ind1=" " ind2=" " tag="752"><subfield code="a">United States</subfield><subfield code="b">New York</subfield><subfield code="c">New York</subfield><subfield code="d">Brooklyn.</subfield></datafield></record>